<record><leader>00000cas a22000007a 4500</leader><controlfield tag="001">28531452</controlfield><controlfield tag="008">930728d19441947caucr ne      0    0eng d</controlfield><datafield ind1=" " ind2=" " tag="010"><subfield code="a">sn 93053344 </subfield></datafield><datafield ind1=" " ind2=" " tag="040"><subfield code="a">CNK</subfield><subfield code="b">eng</subfield><subfield code="c">CNK</subfield><subfield code="d">OCLCQ</subfield></datafield><datafield ind1=" " ind2=" " tag="042"><subfield code="a">msc</subfield></datafield><datafield ind1="0" ind2="4" tag="245"><subfield code="a">The Waterman clipper.</subfield></datafield><datafield ind1=" " ind2=" " tag="260"><subfield code="a">Fairfield, Calif. :</subfield><subfield code="b">Waterman Park Representative Council</subfield></datafield><datafield ind1=" " ind2=" " tag="300"><subfield code="a">v.</subfield></datafield><datafield ind1=" " ind2=" " tag="310"><subfield code="a">Semiweekly,</subfield><subfield code="b">Apr. 3-28, 1947</subfield></datafield><datafield ind1=" " ind2=" " tag="321"><subfield code="a">Weekly,</subfield><subfield code="b">July 20, 1944-Mar. 27, 1947</subfield></datafield><datafield ind1="0" ind2=" " tag="362"><subfield code="a">Vol. 1, no. 1 (July 20, 1944)- ; -4th year, no. 20 (Apr. 28, 1947).</subfield></datafield><datafield ind1=" " ind2=" " tag="580"><subfield code="a">Published as section of: Solano weekly Republican (Fairfield, Calif.); and: Solano weekly Republican and the Waterman clipper, and: Solano Republican and the Waterman clipper.</subfield></datafield><datafield ind1=" " ind2="4" tag="651"><subfield code="a">Waterman Park (Fairfield, Calif.)</subfield><subfield code="v">Newspapers.</subfield></datafield><datafield ind1=" " ind2=" " tag="752"><subfield code="a">United States</subfield><subfield code="b">California</subfield><subfield code="c">Solano</subfield><subfield code="d">Fairfield.</subfield></datafield><datafield ind1="1" ind2=" " tag="777"><subfield code="t">Solano weekly Republican (Fairfield, Calif.)</subfield><subfield code="w">(DLC)sn 93053343</subfield></datafield><datafield ind1="1" ind2=" " tag="777"><subfield code="t">Solano weekly Republican and the Waterman clipper</subfield><subfield code="w">(DLC)sn 93053345</subfield></datafield><datafield ind1="1" ind2=" " tag="777"><subfield code="t">Solano Republican and the Waterman clipper</subfield><subfield code="w">(DLC)sn 93053346</subfield></datafield><datafield ind1="1" ind2=" " tag="029"><subfield code="a">AU@</subfield><subfield code="b">000025906124</subfield></datafield></record>